@online{HowtoCiteaWebsite, 
    author = {Jonas Mönnig},
    title = {How to Cite a Website with BibTeX},
    year = 2016,
    url = {https://jonas-moennig.de/how-to-cite-a-website-with-bibtex/ },
    urldate = {2016-07-26}
}

@book{EinfZahlenth,
    author = {Ivan Niven,Herbert S. Zuckerman},
    title = {Einführung in die Zahlentheorie},
    year = 1976
}
